<record><leader>00000cas a22000007a 4500</leader><controlfield tag="001">32185799</controlfield><controlfield tag="008">950322d19071917okuwr ne      0    0eng d</controlfield><datafield ind1=" " ind2=" " tag="010"><subfield code="a">sn 95063971 </subfield></datafield><datafield ind1=" " ind2=" " tag="040"><subfield code="a">CNW</subfield><subfield code="b">eng</subfield><subfield code="c">CNW</subfield><subfield code="d">OBN</subfield><subfield code="d">OCLCQ</subfield><subfield code="d">OCLCF</subfield><subfield code="d">OCLCO</subfield></datafield><datafield ind1="1" ind2=" " tag="029"><subfield code="a">AU@</subfield><subfield code="b">000012970493</subfield></datafield><datafield ind1=" " ind2=" " tag="042"><subfield code="a">msc</subfield></datafield><datafield ind1=" " ind2=" " tag="043"><subfield code="a">n-us-ok</subfield></datafield><datafield ind1="0" ind2=" " tag="130"><subfield code="a">Oklahoma democrat (Altus, Okla.)</subfield></datafield><datafield ind1="1" ind2="0" tag="245"><subfield code="a">Oklahoma democrat.</subfield></datafield><datafield ind1=" " ind2=" " tag="260"><subfield code="a">Altus, Okla. :</subfield><subfield code="b">Bob Williams</subfield></datafield><datafield ind1=" " ind2=" " tag="300"><subfield code="a">v.</subfield></datafield><datafield ind1=" " ind2=" " tag="310"><subfield code="a">Weekly</subfield></datafield><datafield ind1="0" ind2=" " tag="362"><subfield code="a">-v. 10, no. 20 (July 26, 1917).</subfield></datafield><datafield ind1="1" ind2=" " tag="362"><subfield code="a">Began in 1907.</subfield></datafield><datafield ind1=" " ind2=" " tag="588"><subfield code="a">Description based on: Vol. 1, no. 25 (Sep. 5, 1907).</subfield></datafield><datafield ind1=" " ind2="0" tag="651"><subfield code="a">Altus (Okla.)</subfield><subfield code="v">Newspapers.</subfield></datafield><datafield ind1=" " ind2="0" tag="651"><subfield code="a">Jackson County (Okla.)</subfield><subfield code="v">Newspapers.</subfield></datafield><datafield ind1=" " ind2="7" tag="655"><subfield code="a">Newspapers.</subfield><subfield code="2">fast</subfield><subfield code="0">(OCoLC)fst01423814</subfield></datafield><datafield ind1=" " ind2="7" tag="651"><subfield code="a">Oklahoma</subfield><subfield code="z">Altus.</subfield><subfield code="2">fast</subfield><subfield code="0">(OCoLC)fst01220304</subfield></datafield><datafield ind1=" " ind2="7" tag="651"><subfield code="a">Oklahoma</subfield><subfield code="z">Jackson County.</subfield><subfield code="2">fast</subfield><subfield code="0">(OCoLC)fst01215604</subfield></datafield><datafield ind1=" " ind2=" " tag="752"><subfield code="a">United States</subfield><subfield code="b">Oklahoma</subfield><subfield code="c">Jackson</subfield><subfield code="d">Altus.</subfield></datafield><datafield ind1="0" ind2=" " tag="775"><subfield code="t">Daily Oklahoma democrat</subfield><subfield code="w">(DLC)sn 95063970</subfield><subfield code="w">(OCoLC)32185670</subfield></datafield><datafield ind1="0" ind2="7" tag="785"><subfield code="t">Altus times (Altus, Okla. : 1904)</subfield><subfield code="w">(DLC)sn 96093288</subfield><subfield code="w">(OCoLC)36069986</subfield></datafield><datafield ind1="0" ind2="7" tag="785"><subfield code="t">Times-democrat (Altus, Okla.)</subfield><subfield code="w">(DLC)sn 96093289</subfield><subfield code="w">(OCoLC)36070165</subfield></datafield></record>